@misc {python,
	author       = "Various",
	title        = "Pythons Website",
	howpublished = "\url{https://www.python.org}",
	year         = "2018"
}
@misc {pygame,
	author       = "Various",
	title        = "Pygames Website",
	howpublished = "\url{https://www.pygame.org/wiki/about}",
	year         = "2018"
}
@article{leslie,
	ISSN = {00063444},
	URL = {http://www.jstor.org/stable/2332297},
	author = {P. H. Leslie},
	journal = {Biometrika},
	number = {3},
	pages = {183--212},
	publisher = {[Oxford University Press, Biometrika Trust]},
	title = {On the Use of Matrices in Certain Population Mathematics},
	volume = {33},
	year = {1945}
}
@misc{Peral,
	author = {Raymond Pearl,Lowell J. Reed,Joseph F. Kish},
	publisher = {The American Association for the Advancement of Science},
	title = {THE LOGISTIC CURVE AND THE CENSUS COUNT OF 1940},
	year = {1940},
	journal = {Science},
	howpublished = "\url{http://science.sciencemag.org.ueaezproxy.uea.ac.uk:2048/content/sci/92/2395/486.full.pdf}"
}
@article {GAUSE44,
	author = {Gause, G. F.},
	title = {Experimental Demonstration of Volterra{\textquoteright}s Periodic Oscillations in the Numbers of Animals},
	volume = {12},
	number = {1},
	pages = {44--48},
	year = {1935},
	publisher = {The Company of Biologists Ltd},
	issn = {0022-0949},
	URL = {http://jeb.biologists.org/content/12/1/44},
	eprint = {http://jeb.biologists.org/content/12/1/44.full.pdf},
	journal = {Journal of Experimental Biology}
}
@article {Kermack700,
	author = {W. O. Kermack and A. G. McKendrick},
	title = {A contribution to the mathematical theory of epidemics},
	volume = {115},
	number = {772},
	pages = {700--721},
	year = {1927},
	doi = {10.1098/rspa.1927.0118},
	publisher = {The Royal Society},
	issn = {0950-1207},
	URL = {http://rspa.royalsocietypublishing.org/content/115/772/700},
	eprint = {http://rspa.royalsocietypublishing.org/content/115/772/700.full.pdf},
	journal = {Proceedings of the Royal Society of London A: Mathematical, Physical and Engineering Sciences}
}
